<?xml version="1.0" encoding="UTF-8"?><collection xmlns="http://www.loc.gov/MARC21/slim"><record><leader>00649nam--2200217-u-4500</leader><controlfield tag="001">000053019</controlfield><controlfield tag="002">20161230</controlfield><controlfield tag="005">20161230201050</controlfield><controlfield tag="008">110103s1000------------r-----000-0-eng-d</controlfield><datafield ind1=" " ind2=" " tag="020"><subfield code="a">0195042751</subfield></datafield><datafield ind1=" " ind2=" " tag="040"><subfield code="a">IFIN-HH</subfield></datafield><datafield ind1=" " ind2=" " tag="080"><subfield code="a">535.82</subfield></datafield><datafield ind1="1" ind2=" " tag="100"><subfield code="a">Buseck, Peter R</subfield></datafield><datafield ind1="1" ind2="0" tag="245"><subfield code="a">High-resolution transmission electron microscopy and associated thechniques</subfield><subfield code="c">PETER R. BUSECK; JOHN M. COWLEY; LEROY EYRING (Eds.)</subfield></datafield><datafield ind1=" " ind2=" " tag="260"><subfield code="a">OXFORD</subfield><subfield code="b">Oxford University Press</subfield><subfield code="c">1988</subfield></datafield><datafield ind1=" " ind2=" " tag="300"><subfield code="a">645P</subfield></datafield><datafield ind1=" " ind2="4" tag="650"><subfield code="a">Electron Microscope</subfield></datafield><datafield ind1="1" ind2=" " tag="700"><subfield code="a">Cowley, John M</subfield><subfield code="e">Ed</subfield></datafield><datafield ind1=" " ind2=" " tag="700"><subfield code="a">Eyring, Leroy</subfield><subfield code="e">Ed</subfield></datafield><datafield ind1=" " ind2=" " tag="852"><subfield code="a">81216</subfield><subfield code="c">535.33</subfield></datafield><datafield ind1=" " ind2=" " tag="CAT"><subfield code="a">Sys</subfield><subfield code="c">20110103</subfield><subfield code="h">095023</subfield></datafield></record></collection>